@Misc{SQLite.About,
    title={SQLite - About},
    note = {Accessed June 5, 2019},
    year={2019},
    month={june},
    howpublished={\url{https://www.sqlite.org/about.html}}
}
@Misc{SQLite.create-table,
    title={SQLite - Create Table},
    note = {Accessed June 5, 2019},
    year={2019},
    month={june},
    howpublished={\url{https://www.sqlite.org/lang_createtable.html}}
}
@Misc{SQLiteTutorial.create-table,
    title={SQLite Tutorial - Create Table},
    note = {Accessed June 5, 2019},
    year={2019},
    month={june},
    howpublished={\url{http://www.sqlitetutorial.net/sqlite-create-table/}}
}
@Misc{SQLite.select,
    title={SQLite - Select},
    note = {Accessed June 5, 2019},
    year={2019},
    month={june},
    howpublished={\url{https://www.sqlite.org/lang_select.html}}
}
@Misc{SQLiteTutorial.select,
    title={SQLite Tutorial - Select},
    note = {Accessed June 5, 2019},
    year={2019},
    month={june},
    howpublished={\url{http://www.sqlitetutorial.net/sqlite-select/}}
}
@Misc{SQLite.lang,
    title={SQLite - Select},
    note = {Accessed June 5, 2019},
    year={2019},
    month={june},
    howpublished={\url{https://www.sqlite.org/lang.html}}
}
@Misc{w3school,
    title={w3school - SQL Tutorial},
    note = {Accessed June 5, 2019},
    year={2019},
    month={june},
    howpublished={\url{https://www.w3schools.com/sql/default.asp}}
}
@Misc{SQLiteTutorial,
    title={SQLite Tutorial - Select},
    note = {Accessed June 5, 2019},
    year={2019},
    month={june},
    howpublished={\url{http://www.sqlitetutorial.net/}}
}
@Misc{github.com-StreamingSample,
    title={StreamingSample},
    note = {Accessed June 5, 2019},
    year={2019},
    month={june},
    howpublished={\url{https://github.com/aspnet/EntityFrameworkCore/tree/master/samples/StreamingSample}}
}
@Misc{ASP.NET,
    title={ASP.NET},
    note = {Accessed June 5, 2019},
    year={2019},
    month={june},
    howpublished={\url{https://docs.microsoft.com/pt-br/aspnet/}}
}

@Misc{CSHARP,
    title={C\# Guide},
    note = {Accessed June 5, 2019},
    year={2019},
    month={june},
    howpublished={\url{https://docs.microsoft.com/pt-br/dotnet/csharp/}}
}
@Misc{Entity,
    title={Entity FrameWork},
    note = {Accessed June 5, 2019},
    year={2019},
    month={june},
    howpublished={\url{https://docs.microsoft.com/pt-br/ef/}}
}
@Misc{microsoft,
    title={Microsoft},
    note = {Accessed June 5, 2019},
    year={2019},
    month={june},
    howpublished={\url{https://www.microsoft.com}}
}
@Misc{github-efcore,
    title={Entity Framework Core},
    note = {Accessed June 5, 2019},
    year={2019},
    month={june},
    howpublished={\url{https://github.com/aspnet/EntityFrameworkCore}}
}
